@inproceedings{pumarola2017pl,
  title={PL-SLAM: Real-time monocular visual SLAM with points and lines},
  author={Pumarola, Albert and Vakhitov, Alexander and Agudo, Antonio and Sanfeliu, Alberto and Moreno-Noguer, Francese},
  booktitle={2017 IEEE international conference on robotics and automation (ICRA)},
  pages={4503--4508},
  year={2017},
  organization={IEEE}
}

@article{fu2020pl,
  title={PL-VINS: Real-time monocular visual-inertial SLAM with point and line features},
  author={Fu, Qiang and Wang, Jialong and Yu, Hongshan and Ali, Islam and Guo, Feng and He, Yijia and Zhang, Hong},
  journal={arXiv preprint arXiv:2009.07462},
  year={2020}
}

@inproceedings{luo2020aslfeat,
  title={Aslfeat: Learning local features of accurate shape and localization},
  author={Luo, Zixin and Zhou, Lei and Bai, Xuyang and Chen, Hongkai and Zhang, Jiahui and Yao, Yao and Li, Shiwei and Fang, Tian and Quan, Long},
  booktitle={Proceedings of the IEEE/CVF conference on computer vision and pattern recognition},
  pages={6589--6598},
  year={2020}
}

@inproceedings{detone2018superpoint,
  title={Superpoint: Self-supervised interest point detection and description},
  author={DeTone, Daniel and Malisiewicz, Tomasz and Rabinovich, Andrew},
  booktitle={Proceedings of the IEEE conference on computer vision and pattern recognition workshops},
  pages={224--236},
  year={2018}
}

@article{revaud2019r2d2,
  title={R2D2: repeatable and reliable detector and descriptor},
  author={Revaud, Jerome and Weinzaepfel, Philippe and De Souza, C{\'e}sar and Pion, Noe and Csurka, Gabriela and Cabon, Yohann and Humenberger, Martin},
  journal={arXiv preprint arXiv:1906.06195},
  year={2019}
}

@inproceedings{sun2021loftr,
  title={LoFTR: Detector-free local feature matching with transformers},
  author={Sun, Jiaming and Shen, Zehong and Wang, Yuang and Bao, Hujun and Zhou, Xiaowei},
  booktitle={Proceedings of the IEEE/CVF conference on computer vision and pattern recognition},
  pages={8922--8931},
  year={2021}
}

@inproceedings{zhou2021patch2pix,
  title={Patch2pix: Epipolar-guided pixel-level correspondences},
  author={Zhou, Qunjie and Sattler, Torsten and Leal-Taixe, Laura},
  booktitle={Proceedings of the IEEE/CVF conference on computer vision and pattern recognition},
  pages={4669--4678},
  year={2021}
}

@inproceedings{sarlin2020superglue,
  title={Superglue: Learning feature matching with graph neural networks},
  author={Sarlin, Paul-Edouard and DeTone, Daniel and Malisiewicz, Tomasz and Rabinovich, Andrew},
  booktitle={Proceedings of the IEEE/CVF conference on computer vision and pattern recognition},
  pages={4938--4947},
  year={2020}
}

@article{von2008lsd,
  title={LSD: A fast line segment detector with a false detection control},
  author={Von Gioi, Rafael Grompone and Jakubowicz, Jeremie and Morel, Jean-Michel and Randall, Gregory},
  journal={IEEE transactions on pattern analysis and machine intelligence},
  volume={32},
  number={4},
  pages={722--732},
  year={2008},
  publisher={IEEE}
}

@article{akinlar2011edlines,
  title={EDLines: A real-time line segment detector with a false detection control},
  author={Akinlar, Cuneyt and Topal, Cihan},
  journal={Pattern Recognition Letters},
  volume={32},
  number={13},
  pages={1633--1642},
  year={2011},
  publisher={Elsevier}
}

@inproceedings{gu2022towards,
  title={Towards light-weight and real-time line segment detection},
  author={Gu, Geonmo and Ko, Byungsoo and Go, SeoungHyun and Lee, Sung-Hyun and Lee, Jingeun and Shin, Minchul},
  booktitle={Proceedings of the AAAI Conference on Artificial Intelligence},
  volume={36},
  number={1},
  pages={726--734},
  year={2022}
}

@article{li2019line,
  title={Line-cnn: End-to-end traffic line detection with line proposal unit},
  author={Li, Xiang and Li, Jun and Hu, Xiaolin and Yang, Jian},
  journal={IEEE Transactions on Intelligent Transportation Systems},
  volume={21},
  number={1},
  pages={248--258},
  year={2019},
  publisher={IEEE}
}

@inproceedings{pautrat2021sold2,
  title={SOLD2: Self-supervised occlusion-aware line description and detection},
  author={Pautrat, R{\'e}mi and Lin, Juan-Ting and Larsson, Viktor and Oswald, Martin R and Pollefeys, Marc},
  booktitle={Proceedings of the IEEE/CVF Conference on Computer Vision and Pattern Recognition},
  pages={11368--11378},
  year={2021}
}

@inproceedings{pautrat2023deeplsd,
  title={Deeplsd: Line segment detection and refinement with deep image gradients},
  author={Pautrat, R{\'e}mi and Barath, Daniel and Larsson, Viktor and Oswald, Martin R and Pollefeys, Marc},
  booktitle={Proceedings of the IEEE/CVF Conference on Computer Vision and Pattern Recognition},
  pages={17327--17336},
  year={2023}
}

@article{zhang2013efficient,
  title={An efficient and robust line segment matching approach based on LBD descriptor and pairwise geometric consistency},
  author={Zhang, Lilian and Koch, Reinhard},
  journal={Journal of visual communication and image representation},
  volume={24},
  number={7},
  pages={794--805},
  year={2013},
  publisher={Elsevier}
}

@article{wang2009msld,
  title={MSLD: A robust descriptor for line matching},
  author={Wang, Zhiheng and Wu, Fuchao and Hu, Zhanyi},
  journal={Pattern Recognition},
  volume={42},
  number={5},
  pages={941--953},
  year={2009},
  publisher={Elsevier}
}

@article{yammine2014novel,
  title={Novel similarity-invariant line descriptor and matching algorithm for global motion estimation},
  author={Yammine, Gilbert and Wige, Eugen and Simmet, Franz and Niederkorn, Dieter and Kaup, Andre},
  journal={IEEE transactions on circuits and systems for video technology},
  volume={24},
  number={8},
  pages={1323--1335},
  year={2014},
  publisher={IEEE}
}

@inproceedings{kim2010wide,
  title={Wide-baseline image matching based on coplanar line intersections},
  author={Kim, Hyunwoo and Lee, Sukhan},
  booktitle={2010 IEEE/RSJ International Conference on Intelligent Robots and Systems},
  pages={1157--1164},
  year={2010},
  organization={IEEE}
}

@inproceedings{lange2019dld,
  title={Dld: A deep learning based line descriptor for line feature matching},
  author={Lange, Manuel and Schweinfurth, Fabian and Schilling, Andreas},
  booktitle={2019 IEEE/RSJ International Conference on Intelligent Robots and Systems (IROS)},
  pages={5910--5915},
  year={2019},
  organization={IEEE}
}

@article{lange2020wld,
  title={Wld: A wavelet and learning based line descriptor for line feature matching},
  author={Lange, Manuel and Raisch, Claudio and Schilling, Andreas},
  year={2020},
  publisher={The Eurographics Association}
}

@article{he2018pl,
  title={PL-VIO: Tightly-coupled monocular visual--inertial odometry using point and line features},
  author={He, Yijia and Zhao, Ji and Guo, Yue and He, Wenhao and Yuan, Kui},
  journal={Sensors},
  volume={18},
  number={4},
  pages={1159},
  year={2018},
  publisher={MDPI}
}

@article{qin2018vins,
  title={Vins-mono: A robust and versatile monocular visual-inertial state estimator},
  author={Qin, Tong and Li, Peiliang and Shen, Shaojie},
  journal={IEEE Transactions on Robotics},
  volume={34},
  number={4},
  pages={1004--1020},
  year={2018},
  publisher={IEEE}
}

@inproceedings{balntas2017hpatches,
  title={HPatches: A benchmark and evaluation of handcrafted and learned local descriptors},
  author={Balntas, Vassileios and Lenc, Karel and Vedaldi, Andrea and Mikolajczyk, Krystian},
  booktitle={Proceedings of the IEEE conference on computer vision and pattern recognition},
  pages={5173--5182},
  year={2017}
}

@inproceedings{huang2018learning,
  title={Learning to parse wireframes in images of man-made environments},
  author={Huang, Kun and Wang, Yifan and Zhou, Zihan and Ding, Tianjiao and Gao, Shenghua and Ma, Yi},
  booktitle={Proceedings of the IEEE Conference on Computer Vision and Pattern Recognition},
  pages={626--635},
  year={2018}
}

@article{burri2016euroc,
  title={The EuRoC micro aerial vehicle datasets},
  author={Burri, Michael and Nikolic, Janosch and Gohl, Pascal and Schneider, Thomas and Rehder, Joern and Omari, Sammy and Achtelik, Markus W and Siegwart, Roland},
  journal={The International Journal of Robotics Research},
  volume={35},
  number={10},
  pages={1157--1163},
  year={2016},
  publisher={SAGE Publications Sage UK: London, England}
}